@online{online:fsf_vier-freiheiten,
    author    = "Arnold, Guido and Kohne, Joerg",
    title     = "Freie Software. Was ist das?",
    url       = "https://www.gnu.org/philosophy/free-sw.de.html",
    urldate   = {2015-10-28},
    keywords  = "fsf,freedom,gnu"
}

@online{online:android-licenses,
	author    = "unknown",
	title     = "Android Licenses",
	url       = "http://source.android.com/source/licenses.html",
	urldate   = {2015-10-29},
	keywords  = "android,license"
}

@online{online:apache-license,
	author    = "Apache Software Foundation",
	title     = "The Apache Software Foundation. Apache License",
	url       = "http://www.apache.org/licenses/LICENSE-2.0",
	urldate   = {2015-10-29},
	keywords  = "apache,license"
}

@online{online:google-maps-tos,
	author    = "unknown",
	title     = "Google Maps/Earth additional terms of service",
	url       = "https://maps.google.com/help/terms_maps.html",
	urldate   = {2015-10-29},
	keywords  = "google,maps,terms"
}

@online{online:mada-leak,
	author    = "Benjamin Edelman",
	title     = "Secret Ties in Google's 'Open' Android",
	url       = "www.benedelman.org/news/021314-1.html",
	urldate   = {2015-10-29},
	keywords  = "google,android,mada"
}

@online{online:ars-mada-leak,
	author    = "Ron Amadeo",
	title     = "New Android OEM licensing terms leak; 'Open' comes with a lot of restrictions",
	url       = "http://arstechnica.com/gadgets/2014/02/new-android-oem-licensing-terms-leak-open-comes-with-restrictions/",
	urldate   = {2015-10-29},
	keywords  = "arstechnica,android,google"
}

@online{online:xda-rooting-warranty,
	author    = "Jimmy McGee",
	title     = "Your Warranty is Not Void â€“ XDA TV",
	url       = "http://www.xda-developers.com/your-warranty-is-not-void-xda-tv/",
	urldate   = {2015-10-29},
	keywords  = "xda,android,root"
}

@online{online:apu-what-is-unlocking,
	author    = "Joe Levi",
	title     = "Android Power User: What are Unlocking and Rooting?",
	url       = "http://pocketnow.com/2012/08/21/android-unlocking-rooting",
	urldate   = {2015-10-29},
	keywords  = "android,root,unlock"
}

@online{online:google-open-source,
	author    = "unknown",
	title     = "Open Source Programs Office ",
	url       = "https://developers.google.com/open-source/",
	urldate   = {2015-10-29},
	keywords  = "google,open source"
}

@online{online:android-open-source,
	author    = "unknown",
	title     = "Welcome to the Android Open Source Project!",
	url       = "https://source.android.com/",
	urldate   = {2015-10-29},
	keywords  = "google,android,open source"
}
